<?xml version="1.0" encoding="UTF-8"?>
<record xmlns="http://www.loc.gov/MARC21/slim">
   <leader>00807cam a22002175  4500</leader>
   <controlfield tag="001">2788714</controlfield>
   <controlfield tag="003">NjP</controlfield>
   <controlfield tag="005">20190710152751.0</controlfield>
   <controlfield tag="008">991128s1910    ua            000 0 ara d</controlfield>
   <datafield tag="024" ind1="7" ind2=" ">
      <subfield code="a">princeton_aco004632</subfield>
      <subfield code="2">local</subfield>
   </datafield>
   <datafield ind1=" " ind2=" " tag="035">
      <subfield code="9">CNJ7862TS</subfield>
   </datafield>
   <datafield ind1=" " ind2=" " tag="040">
      <subfield code="a">PUL</subfield>
      <subfield code="c">PUL</subfield>
   </datafield>
   <datafield ind1=" " ind2=" " tag="019">
      <subfield code="a">42892541</subfield>
      <subfield code="a">912721198</subfield>
   </datafield>
   <datafield ind1=" " ind2=" " tag="035">
      <subfield code="a">(OCoLC)ocm16624898</subfield>
      <subfield code="z">(OCoLC)ocm42892541</subfield>
      <subfield code="z">(OCoLC)ocn912721198</subfield>
   </datafield>
   <datafield ind1="1" ind2=" " tag="100">
      <subfield code="a">Nāṣif, Malak Ḥifnī,</subfield>
      <subfield code="d">1886-1918.</subfield>
      <subfield code="0">http://id.loc.gov/authorities/names/n82070580</subfield>
   </datafield>
   <datafield ind1="0" ind2="3" tag="245">
      <subfield code="a">al-Nisāʾīyāt;</subfield>
      <subfield code="b">majmūʻat maqālāt nushirat fī al-Jarīdah fī mawḍūʻ al-marʾah al-Miṣrīyah.</subfield>
   </datafield>
   <datafield ind1=" " ind2=" " tag="260">
      <subfield code="a">[Cairo]</subfield>
      <subfield code="b">Maṭbaʻat al-Jarīdah,</subfield>
      <subfield code="c">1328 [1910]</subfield>
   </datafield>
   <datafield ind1=" " ind2=" " tag="300">
      <subfield code="a">176 p.</subfield>
      <subfield code="c">25 cm.</subfield>
   </datafield>
   <datafield ind1=" " ind2=" " tag="546">
      <subfield code="a">In Arabic.</subfield>
   </datafield>
   <datafield ind1=" " ind2="0" tag="650">
      <subfield code="a">Women, Egyptian.</subfield>
   </datafield>
   <datafield ind1="4" ind2=" " tag="856">
      <subfield code="u">http://hdl.handle.net/2027/njp.32101073507103</subfield>
   </datafield>
   <datafield ind1=" " ind2=" " tag="945">
      <subfield code="a">F</subfield>
      <subfield code="b">1</subfield>
      <subfield code="c">2272.70134.366</subfield>
   </datafield>
   <datafield ind1=" " ind2=" " tag="911">
      <subfield code="a">20000130</subfield>
   </datafield>
   <datafield ind1="8" ind2="0" tag="852">
      <subfield code="0">3099683</subfield>
      <subfield code="b">rcppa</subfield>
      <subfield code="t">1</subfield>
      <subfield code="h">2272.70134.366</subfield>
      <subfield code="x">tr fr f</subfield>
   </datafield>
   <datafield ind1="8" ind2=" " tag="852">
      <subfield code="0">8750453</subfield>
      <subfield code="b">elf1</subfield>
      <subfield code="h">Electronic Resource</subfield>
   </datafield>
   <datafield ind1=" " ind2=" " tag="959">
      <subfield code="a">2000-06-08 00:00:00 -0500</subfield>
   </datafield>
</record>
